@misc{guo2020survey,
      title={A Survey on Knowledge Graph-Based Recommender Systems}, 
      author={Qingyu Guo and Fuzhen Zhuang and Chuan Qin and Hengshu Zhu and Xing Xie and Hui Xiong and Qing He},
      year={2020},
      eprint={2003.00911},
      archivePrefix={arXiv},
      primaryClass={cs.IR}
}

@article{DBLP:journals/corr/abs-1909-08402,
  author    = {Malte Ostendorff and
               Peter Bourgonje and
               Maria Berger and
               Juli{\'{a}}n Moreno Schneider and
               Georg Rehm and
               Bela Gipp},
  title     = {Enriching {BERT} with Knowledge Graph Embeddings for Document Classification},
  journal   = {CoRR},
  volume    = {abs/1909.08402},
  year      = {2019},
  url       = {http://arxiv.org/abs/1909.08402},
  archivePrefix = {arXiv},
  eprint    = {1909.08402},
  timestamp = {Tue, 24 Sep 2019 11:33:51 +0200},
  biburl    = {https://dblp.org/rec/journals/corr/abs-1909-08402.bib},
  bibsource = {dblp computer science bibliography, https://dblp.org}
}

@misc{jeong2019contextaware,
      title={A Context-Aware Citation Recommendation Model with BERT and Graph Convolutional Networks}, 
      author={Chanwoo Jeong and Sion Jang and Hyuna Shin and Eunjeong Park and Sungchul Choi},
      year={2019},
      eprint={1903.06464},
      archivePrefix={arXiv},
      primaryClass={cs.CL}
}

@misc{zhang2020graphbert,
      title={Graph-Bert: Only Attention is Needed for Learning Graph Representations}, 
      author={Jiawei Zhang and Haopeng Zhang and Congying Xia and Li Sun},
      year={2020},
      eprint={2001.05140},
      archivePrefix={arXiv},
      primaryClass={cs.LG}
}

@misc{zhang2018sentencestate,
      title={Sentence-State LSTM for Text Representation}, 
      author={Yue Zhang and Qi Liu and Linfeng Song},
      year={2018},
      eprint={1805.02474},
      archivePrefix={arXiv},
      primaryClass={cs.CL}
}

@misc{fernandes2020structured,
      title={Structured Neural Summarization}, 
      author={Patrick Fernandes and Miltiadis Allamanis and Marc Brockschmidt},
      year={2020},
      eprint={1811.01824},
      archivePrefix={arXiv},
      primaryClass={cs.LG}
}